@book{mueller2024,
  author    = {M{"u}ller, Anna},
  year      = {2024},
  title     = {Effektive Pr{"a}sentationen},
  address   = {M{"u}nchen},
  publisher = {Fachverlag}
}

@article{schmidt2023,
  author       = {Schmidt, Bernd and Weber, Claudia},
  year         = {2023},
  title        = {Visuelle Kommunikation in der Wissenschaft},
  journaltitle = {Journal of Communication},
  volume       = {15},
  number       = {3},
  pages        = {234--256}
}

@online{beispielOnline,
  author  = {Mustermann, Max},
  title   = {Tipps f{"u}r wissenschaftliches Pr{"a}sentieren},
  year    = {2025},
  url     = {https://www.beispiel.de/artikel},
  urldate = {2025-10-24}
}

